<record><leader>00000cas a22000007a 4500</leader><controlfield tag="001">21615450</controlfield><controlfield tag="008">900529d18721879nyudn ne      0    0eng d</controlfield><datafield ind1=" " ind2=" " tag="010"><subfield code="a">sn 90066067 </subfield></datafield><datafield ind1=" " ind2=" " tag="040"><subfield code="a">NYS</subfield><subfield code="b">eng</subfield><subfield code="c">NYS</subfield><subfield code="d">OCLCQ</subfield></datafield><datafield ind1=" " ind2=" " tag="042"><subfield code="a">msc</subfield></datafield><datafield ind1="0" ind2=" " tag="130"><subfield code="a">Auburn morning news (Auburn, N.Y. : 1872)</subfield></datafield><datafield ind1="1" ind2="0" tag="245"><subfield code="a">Auburn morning news.</subfield></datafield><datafield ind1=" " ind2=" " tag="260"><subfield code="a">Auburn, N.Y. :</subfield><subfield code="b">Auburn Print. Co.</subfield></datafield><datafield ind1=" " ind2=" " tag="300"><subfield code="a">v.</subfield></datafield><datafield ind1=" " ind2=" " tag="310"><subfield code="a">Daily (except Sunday)</subfield></datafield><datafield ind1="0" ind2=" " tag="362"><subfield code="a">Vol. 1, no. 1 (July 16, 1872)-v. 14, no. 2121 (May 31, 1879).</subfield></datafield><datafield ind1=" " ind2=" " tag="580"><subfield code="a">Weekly eds.: Auburn weekly news, 1872-1873; Auburn weekly news. And Democrat, 1873-1873; Weekly news and Democrat, 1874-1879.</subfield></datafield><datafield ind1=" " ind2="4" tag="651"><subfield code="a">Auburn (N.Y.)</subfield><subfield code="v">Newspapers.</subfield></datafield><datafield ind1=" " ind2=" " tag="752"><subfield code="a">United States</subfield><subfield code="b">New York</subfield><subfield code="c">Cayuga</subfield><subfield code="d">Auburn.</subfield></datafield><datafield ind1="1" ind2=" " tag="775"><subfield code="t">Auburn weekly news</subfield><subfield code="w">(DLC)sn 90066043</subfield></datafield><datafield ind1="1" ind2=" " tag="775"><subfield code="t">Auburn weekly news. And Democrat</subfield><subfield code="w">(DLC)sn 90066044</subfield></datafield><datafield ind1="1" ind2=" " tag="775"><subfield code="t">Weekly news and Democrat</subfield><subfield code="w">(DLC)sn 85026687</subfield></datafield><datafield ind1="0" ind2="7" tag="785"><subfield code="t">Auburn daily bulletin</subfield><subfield code="w">(DLC)sn 83030661</subfield></datafield><datafield ind1="0" ind2="7" tag="785"><subfield code="t">Auburn news and bulletin</subfield><subfield code="w">(DLC)sn 90066083</subfield><subfield code="w">(OCoLC)21729059</subfield></datafield><datafield ind1="1" ind2=" " tag="029"><subfield code="a">AU@</subfield><subfield code="b">000025862706</subfield></datafield></record>